ISA*00*          *00*          *ZZ*NDC STD REMIT  *ZZ*1053487793     *210616*0915*|*00501*994637382*0*P*>~GS*HP*NDC STD REMIT*17403548300*20210616*0915*1*X*005010X221A1~ST*835*0022~BPR*I*900*C*ACH*CCP*01*042000013*DA*153499278239*1680217053**01*121000358*DA*1233003559*20210615~TRN*1*08113536267*1680217053*1~REF*EV*0Q3~DTM*405*20210612~N1*PR*STATE OF CD*XV*D06~N3*714 P STREET RM 950*P.O. BOX 942732~N4*SACRAMENTO*CA*942347320~PER*BL*CONTACT NAME*TE*8005415555*UR*WWW.MEDI-CAL.CA.GOV~N1*PE*THE PERMANENTE MEDICAL GROUP INC*XX*17403548300~REF*TJ*941105628~REF*PQ*17403548300~LX*1~CLP*H01116372746*4*900*0**MC*1161615244301*14*1~NM1*QC*1*Red*Ranger****MI*000012345678~NM1*82*2******XX*1154615391~MOA***MA15~DTM*232*20210501~DTM*050*20210610~SVC*HC>36412*900*0*0300***1~CAS*CO*4*52~REF*6R*H037372737341~LQ*HE*MA04~SE*24*0022~GE*1*1~IEA*1*994637382~